% This file was created with Citavi 6.11.0.0

@proceedings{.2020,
 year = {2020},
 title = {2020 46th Euromicro Conference on Software Engineering and Advanced Applications (SEAA)},
 publisher = {IEEE},
 isbn = {978-1-7281-9532-2},
 abstract = {},
 doi = {10.1109/SEAA51224.2020},
 venue = {Portoroz, Slovenia},
 eventdate = {26.08.2020 - 28.08.2020},
 eventtitle = {2020 46th Euromicro Conference on Software Engineering and Advanced Applications (SEAA)}
}


@proceedings{.2021,
 year = {2021},
 title = {2021 IEEE International Symposium on Software Reliability Engineering Workshops (ISSREW)},
 publisher = {IEEE},
 isbn = {978-1-6654-2603-9},
 abstract = {},
 venue = {Wuhan, China},
 eventdate = {25.10.2021 - 28.10.2021},
 eventtitle = {2021 IEEE International Symposium on Software Reliability Engineering Workshops (ISSREW)}
}


@proceedings{.2021b,
 year = {2021},
 title = {2021 IEEE International Symposium on Software Reliability Engineering Workshops (ISSREW)},
 publisher = {IEEE},
 isbn = {978-1-6654-2603-9},
 abstract = {}
}


@book{AmyGlasscock.2021,
 author = {{Amy Glasscock}},
 year = {2021},
 title = {The need for speed},
 url = {https://uidl.naswa.org/handle/20.500.11941/4392},
 subtitle = {Why State CIOs are Turning to Low-Code and No-Code Software Development},
 abstract = {},
 editor = {NASCIO}
}


@article{Bock.2021,
 author = {Bock, Alexander C. and Frank, Ulrich},
 year = {2021},
 title = {Low-Code Platform},
 pages = {733--740},
 pagination = {page},
 volume = {63},
 issn = {2363-7005},
 journaltitle = {Business {\&} Information Systems Engineering},
 shortjournal = {Bus Inf Syst Eng},
 doi = {10.1007/s12599-021-00726-8},
 number = {6},
 abstract = {},
 note = {PII:  726}
}


@article{Bock.2021b,
 author = {Bock, Alexander C. and Frank, Ulrich},
 year = {2021},
 title = {Low-Code Platform},
 pages = {733--740},
 pagination = {page},
 volume = {63},
 issn = {2363-7005},
 journaltitle = {Business {\&} Information Systems Engineering},
 shortjournal = {Bus Inf Syst Eng},
 doi = {10.1007/s12599-021-00726-8},
 number = {6},
 abstract = {},
 note = {PII:  726}
}


@inproceedings{Sahay.2020,
 author = {Sahay, Apurvanand and Indamutsa, Arsene and {Di Ruscio}, Davide and Pierantonio, Alfonso},
 title = {Supporting the understanding and comparison of low-code development platforms},
 pages = {171--178},
 bookpagination = {page},
 publisher = {IEEE},
 isbn = {978-1-7281-9532-2},
 booktitle = {2020 46th Euromicro Conference on Software Engineering and Advanced Applications (SEAA)},
 year = {2020},
 abstract = {},
 doi = {10.1109/SEAA51224.2020.00036},
 eventtitle = {2020 46th Euromicro Conference on Software Engineering and Advanced Applications (SEAA)},
 venue = {Portoroz, Slovenia},
 eventdate = {26.08.2020 - 28.08.2020}
}


@article{Sanchis.2020,
 author = {Sanchis, Raquel and Garc{\'i}a-Perales, {\'O}scar and Fraile, Francisco and Poler, Raul},
 year = {2020},
 title = {Low-Code as Enabler of Digital Transformation in Manufacturing Industry},
 pages = {12},
 pagination = {page},
 volume = {10},
 journaltitle = {Applied Sciences},
 doi = {10.3390/app10010012},
 number = {1},
 abstract = {},
 note = {PII:  app10010012}
}


@article{Sanchis.2020b,
 author = {Sanchis, Raquel and Garc{\'i}a-Perales, {\'O}scar and Fraile, Francisco and Poler, Raul},
 year = {2020},
 title = {Low-Code as Enabler of Digital Transformation in Manufacturing Industry},
 pages = {12},
 pagination = {page},
 volume = {10},
 doi = {10.3390/app10010012},
 number = {1},
 abstract = {},
 note = {PII:  app10010012}
}


@inproceedings{Wang.2021,
 author = {Wang, Yi and Feng, Yang and Zhang, Min and Sun, Pu},
 title = {The Necessity of Low-code Engineering for Industrial Software Development: A Case Study and Reflections},
 pages = {415--420},
 bookpagination = {page},
 publisher = {IEEE},
 isbn = {978-1-6654-2603-9},
 booktitle = {2021 IEEE International Symposium on Software Reliability Engineering Workshops (ISSREW)},
 year = {2021},
 abstract = {},
 doi = {10.1109/ISSREW53611.2021.00112},
 eventtitle = {2021 IEEE International Symposium on Software Reliability Engineering Workshops (ISSREW)},
 venue = {Wuhan, China},
 eventdate = {25.10.2021 - 28.10.2021}
}


@inproceedings{Wang.2021b,
 author = {Wang, Yi and Feng, Yang and Zhang, Min and Sun, Pu},
 title = {The Necessity of Low-code Engineering for Industrial Software Development: A Case Study and Reflections},
 pages = {415--420},
 bookpagination = {page},
 publisher = {IEEE},
 isbn = {978-1-6654-2603-9},
 booktitle = {2021 IEEE International Symposium on Software Reliability Engineering Workshops (ISSREW)},
 year = {2021},
 abstract = {},
 doi = {10.1109/ISSREW53611.2021.00112}
}


@article{Waszkowski.2019,
 author = {Waszkowski, Robert},
 year = {2019},
 title = {Low-code platform for automating business processes in manufacturing},
 pages = {376--381},
 pagination = {page},
 volume = {52},
 issn = {24058963},
 journaltitle = {IFAC-PapersOnLine},
 doi = {10.1016/j.ifacol.2019.10.060},
 number = {10},
 abstract = {},
 note = {PII:  S2405896319309152}
}


